@electronic{lundh:2008,
  author =    {Jan-Åke Lundh},
  title =     {LARM övervaknings- och säkerhetssystem Faktabok},
  year =      {2008},
  publisher = {ATHENA lär AB},
  url =       {https://www.logistikteamet.se/pdf/9789188816108.pdf}
}


@report{ntu:2019,
    author = {Maria Molin, Sofie Lifvin and Åsa Irlander Strid},
    title = {Nationella trygghetsundersökningen 2019},
    year = {2019}
}

@book{lme:2016,
    author    = "Kevin M.Lynch, Nicholas Marchuk and Matthew L. Elwin",
    title     = "Embedded Computing and Mechatronics with the PIC32",
    year      = "2016",
    publisher = "Newnes"
}

@electronic{howe:2020,
  author =    {Denis Howe},
  title =     {USART definition},
  year =      {2020},
  publisher = {The Free On-line Dictionary of Computing},
  url =       {https://encyclopedia2.thefreedictionary.com/USART}
}

