\bibliography{}

@online{GCC,
  author = {GCC},
  title = {GCC Coding Conventions},
  year = 2020,
  url = {https://gcc.gnu.org/codingconventions.html},
  urldate = {2020-09-03}
}

@electronic{referens,
    author = {GCC},
    title = {GCC Coding Conventions (electronic reference)}
}

@online{spencer:2008,
  author = {Henry Spencer, David Keppel, Mark Brader},
  title = {Reccomended C Style and Coding Standards},
  year = 2008,
  url = {https://www.doc.ic.ac.uk/lab/cplus/cstyle.html#N10081},
  urldate = {2020-09-14}
}