@book{lundh:2008,
    author    = "Jan-Åke Lundh",
    title     = "''LARM övervaknings- och säkerhetssystem Faktabok''",
    year      = "2008",
    language =  {swedish},
    publisher = "ATHENA lär AB"
}

@misc{scb:2018,
  author =    {Statistiska centralbyrån},
  title =     {Drygt 4,8 miljoner bostäder i Sverige},
  year =      {2018. hämtad från},
  publisher = {SCB, Enheten för samhällsbyggnad och turism},
  language =  {swedish},
  note =        {[Online] Tillgänglig: \url{https://www.scb.se/hitta-statistik/statistik-efter-amne/boende-byggande-och-bebyggelse/bostadsbyggande-och-ombyggnad/bostadsbestand/pong/statistiknyhet/bostadsbestandet-2017-12-31/} hämtad: 2020-10-28}
}

@book{corrigan:2016,
    author    = "Steve Corrigan",
    title     = "''Introduction to the Controller Area Network (CAN)''",
    year      = "2016",
    language =  {swedish},
    publisher = "Texas Instruments Incorporated"
}

@misc{christensson:2016,
  author =    {Per Christensson},
  title =     {Ping Definition},
  year =      {2018},
  publisher = {techterms.com},
  language =  {swedish},
  note =       {[Online] Tillgänglig: \url{https://techterms.com/definition/ping} hämtad: 2020-10-03}
}


@misc{ntu:2019,
    author = {Maria Molin, Sofie Lifvin and Åsa Irlander Strid},
    title = {Nationella trygghetsundersökningen 2019},
    year = {2019},
    language =  {swedish}
}

@book{lme:2016,
    author    = "Kevin M.Lynch, Nicholas Marchuk and Matthew L. Elwin",
    title     = "''Embedded Computing and Mechatronics with the PIC32''",
    year      = "2016",
    language =  {swedish},
    publisher = "Newnes"
}

@misc{howe:2020,
  author =    {Denis Howe},
  title =     {USART definition},
  year =      {2020},
  language =  {swedish},
  publisher = {The Free On-line Dictionary of Computing},
  note =       {[Online] Tillgänglig: \url{https://encyclopedia2.thefreedictionary.com/USART} hämtad: 2020-10-04}
}

@misc{collins:2014,
  author =    {databus. (n.d.)},
  title =     {Collins English Dictionary – Complete and Unabridged, 12th Edition 2014},
  year =      {2014},
  language =  {swedish},
  publisher = {HarperCollins Publishers},
  note =      "[Online] Tillgänglig: \url{https://www.thefreedictionary.com/databus} hämtad: 2020-10-04"
}

@misc{bailing:2011,
  author =    {Mamet Gonzales},
  title =     {Product details specification, vibration sensor switch SW-18010P},
  year =      {2011},
  language =  {swedish},
  publisher = {BAI LING ELECTRONICS CO LTD.},
  note =       {[Online] Tillgänglig: \url{https://www.scribd.com/document/333270565/Datasheet-sw18010P} hämtad: 2020-10-07}
}

@misc{elecfreaks,
  title =     {Ultrasonic Ranging Module HC-SR04},
  language =  {swedish},
  publisher = {Elecfreaks.com},
  year =      {inget år},
  note =       {[Online] Tillgänglig: \url{http://www.elecfreaks.com/store/download/product/Sensor/HC-SR04/HC-SR04_Ultrasonic_Module_User_Guide.pdf} hämtad: 2020-10-07}
}

@misc{md407,
    author = {Fredrik Östman},
    title = {MD407 – En ARM-baserad laborationsdator för utbildning},
    year = {2014},
    language =  {swedish}
}